%YAML 1.1
%TAG !u! tag:unity3d.com,2011:
--- !u!1 &3684303854414990308
GameObject:
  m_ObjectHideFlags: 0
  m_CorrespondingSourceObject: {fileID: 0}
  m_PrefabInstance: {fileID: 0}
  m_PrefabAsset: {fileID: 0}
  serializedVersion: 6
  m_Component:
  - component: {fileID: 579737374984998993}
  m_Layer: 0
  m_Name: 3Wall
  m_TagString: Untagged
  m_Icon: {fileID: 0}
  m_NavMeshLayer: 0
  m_StaticEditorFlags: 0
  m_IsActive: 1
--- !u!4 &579737374984998993
Transform:
  m_ObjectHideFlags: 0
  m_CorrespondingSourceObject: {fileID: 0}
  m_PrefabInstance: {fileID: 0}
  m_PrefabAsset: {fileID: 0}
  m_GameObject: {fileID: 3684303854414990308}
  m_LocalRotation: {x: 0, y: 0, z: 0, w: 1}
  m_LocalPosition: {x: 0, y: 0, z: 0}
  m_LocalScale: {x: 1, y: 1, z: 1}
  m_Children:
  - {fileID: 4670018623614579971}
  - {fileID: 4291689541121737606}
  - {fileID: 6289299952346990739}
  - {fileID: 2341945537374808131}
  - {fileID: 6104900635061372731}
  m_Father: {fileID: 0}
  m_RootOrder: 0
  m_LocalEulerAnglesHint: {x: 0, y: 0, z: 0}
--- !u!1001 &1515826268943153969
PrefabInstance:
  m_ObjectHideFlags: 0
  serializedVersion: 2
  m_Modification:
    m_TransformParent: {fileID: 579737374984998993}
    m_Modifications:
    - target: {fileID: 4733772755456769034, guid: 3ad7a1cffb2556547a8b7e60fd320431,
        type: 3}
      propertyPath: m_RootOrder
      value: 4
      objectReference: {fileID: 0}
    - target: {fileID: 4733772755456769034, guid: 3ad7a1cffb2556547a8b7e60fd320431,
        type: 3}
      propertyPath: m_LocalPosition.x
      value: 0
      objectReference: {fileID: 0}
    - target: {fileID: 4733772755456769034, guid: 3ad7a1cffb2556547a8b7e60fd320431,
        type: 3}
      propertyPath: m_LocalPosition.y
      value: 0
      objectReference: {fileID: 0}
    - target: {fileID: 4733772755456769034, guid: 3ad7a1cffb2556547a8b7e60fd320431,
        type: 3}
      propertyPath: m_LocalPosition.z
      value: 0
      objectReference: {fileID: 0}
    - target: {fileID: 4733772755456769034, guid: 3ad7a1cffb2556547a8b7e60fd320431,
        type: 3}
      propertyPath: m_LocalRotation.w
      value: 1
      objectReference: {fileID: 0}
    - target: {fileID: 4733772755456769034, guid: 3ad7a1cffb2556547a8b7e60fd320431,
        type: 3}
      propertyPath: m_LocalRotation.x
      value: -0
      objectReference: {fileID: 0}
    - target: {fileID: 4733772755456769034, guid: 3ad7a1cffb2556547a8b7e60fd320431,
        type: 3}
      propertyPath: m_LocalRotation.y
      value: -0
      objectReference: {fileID: 0}
    - target: {fileID: 4733772755456769034, guid: 3ad7a1cffb2556547a8b7e60fd320431,
        type: 3}
      propertyPath: m_LocalRotation.z
      value: -0
      objectReference: {fileID: 0}
    - target: {fileID: 4733772755456769034, guid: 3ad7a1cffb2556547a8b7e60fd320431,
        type: 3}
      propertyPath: m_LocalEulerAnglesHint.x
      value: 0
      objectReference: {fileID: 0}
    - target: {fileID: 4733772755456769034, guid: 3ad7a1cffb2556547a8b7e60fd320431,
        type: 3}
      propertyPath: m_LocalEulerAnglesHint.y
      value: 0
      objectReference: {fileID: 0}
    - target: {fileID: 4733772755456769034, guid: 3ad7a1cffb2556547a8b7e60fd320431,
        type: 3}
      propertyPath: m_LocalEulerAnglesHint.z
      value: 0
      objectReference: {fileID: 0}
    - target: {fileID: 6229247520373792897, guid: 3ad7a1cffb2556547a8b7e60fd320431,
        type: 3}
      propertyPath: m_Name
      value: Wall
      objectReference: {fileID: 0}
    m_RemovedComponents: []
  m_SourcePrefab: {fileID: 100100000, guid: 3ad7a1cffb2556547a8b7e60fd320431, type: 3}
--- !u!4 &6104900635061372731 stripped
Transform:
  m_CorrespondingSourceObject: {fileID: 4733772755456769034, guid: 3ad7a1cffb2556547a8b7e60fd320431,
    type: 3}
  m_PrefabInstance: {fileID: 1515826268943153969}
  m_PrefabAsset: {fileID: 0}
--- !u!1001 &1655540987011413145
PrefabInstance:
  m_ObjectHideFlags: 0
  serializedVersion: 2
  m_Modification:
    m_TransformParent: {fileID: 579737374984998993}
    m_Modifications:
    - target: {fileID: 4733772755456769034, guid: 3ad7a1cffb2556547a8b7e60fd320431,
        type: 3}
      propertyPath: m_RootOrder
      value: 2
      objectReference: {fileID: 0}
    - target: {fileID: 4733772755456769034, guid: 3ad7a1cffb2556547a8b7e60fd320431,
        type: 3}
      propertyPath: m_LocalPosition.x
      value: -2
      objectReference: {fileID: 0}
    - target: {fileID: 4733772755456769034, guid: 3ad7a1cffb2556547a8b7e60fd320431,
        type: 3}
      propertyPath: m_LocalPosition.y
      value: 0
      objectReference: {fileID: 0}
    - target: {fileID: 4733772755456769034, guid: 3ad7a1cffb2556547a8b7e60fd320431,
        type: 3}
      propertyPath: m_LocalPosition.z
      value: 0
      objectReference: {fileID: 0}
    - target: {fileID: 4733772755456769034, guid: 3ad7a1cffb2556547a8b7e60fd320431,
        type: 3}
      propertyPath: m_LocalRotation.w
      value: 1
      objectReference: {fileID: 0}
    - target: {fileID: 4733772755456769034, guid: 3ad7a1cffb2556547a8b7e60fd320431,
        type: 3}
      propertyPath: m_LocalRotation.x
      value: -0
      objectReference: {fileID: 0}
    - target: {fileID: 4733772755456769034, guid: 3ad7a1cffb2556547a8b7e60fd320431,
        type: 3}
      propertyPath: m_LocalRotation.y
      value: -0
      objectReference: {fileID: 0}
    - target: {fileID: 4733772755456769034, guid: 3ad7a1cffb2556547a8b7e60fd320431,
        type: 3}
      propertyPath: m_LocalRotation.z
      value: -0
      objectReference: {fileID: 0}
    - target: {fileID: 4733772755456769034, guid: 3ad7a1cffb2556547a8b7e60fd320431,
        type: 3}
      propertyPath: m_LocalEulerAnglesHint.x
      value: 0
      objectReference: {fileID: 0}
    - target: {fileID: 4733772755456769034, guid: 3ad7a1cffb2556547a8b7e60fd320431,
        type: 3}
      propertyPath: m_LocalEulerAnglesHint.y
      value: 0
      objectReference: {fileID: 0}
    - target: {fileID: 4733772755456769034, guid: 3ad7a1cffb2556547a8b7e60fd320431,
        type: 3}
      propertyPath: m_LocalEulerAnglesHint.z
      value: 0
      objectReference: {fileID: 0}
    - target: {fileID: 6229247520373792897, guid: 3ad7a1cffb2556547a8b7e60fd320431,
        type: 3}
      propertyPath: m_Name
      value: Wall (2)
      objectReference: {fileID: 0}
    m_RemovedComponents: []
  m_SourcePrefab: {fileID: 100100000, guid: 3ad7a1cffb2556547a8b7e60fd320431, type: 3}
--- !u!4 &6289299952346990739 stripped
Transform:
  m_CorrespondingSourceObject: {fileID: 4733772755456769034, guid: 3ad7a1cffb2556547a8b7e60fd320431,
    type: 3}
  m_PrefabInstance: {fileID: 1655540987011413145}
  m_PrefabAsset: {fileID: 0}
--- !u!1001 &2554679228847371028
PrefabInstance:
  m_ObjectHideFlags: 0
  serializedVersion: 2
  m_Modification:
    m_TransformParent: {fileID: 579737374984998993}
    m_Modifications:
    - target: {fileID: 16038835297913163, guid: 7c7baabdbc078cb4098d5880fc72c0f3,
        type: 3}
      propertyPath: m_Name
      value: Pillar (1)
      objectReference: {fileID: 0}
    - target: {fileID: 7186397052036007447, guid: 7c7baabdbc078cb4098d5880fc72c0f3,
        type: 3}
      propertyPath: m_RootOrder
      value: 0
      objectReference: {fileID: 0}
    - target: {fileID: 7186397052036007447, guid: 7c7baabdbc078cb4098d5880fc72c0f3,
        type: 3}
      propertyPath: m_LocalPosition.x
      value: 3
      objectReference: {fileID: 0}
    - target: {fileID: 7186397052036007447, guid: 7c7baabdbc078cb4098d5880fc72c0f3,
        type: 3}
      propertyPath: m_LocalPosition.y
      value: 0
      objectReference: {fileID: 0}
    - target: {fileID: 7186397052036007447, guid: 7c7baabdbc078cb4098d5880fc72c0f3,
        type: 3}
      propertyPath: m_LocalPosition.z
      value: 0
      objectReference: {fileID: 0}
    - target: {fileID: 7186397052036007447, guid: 7c7baabdbc078cb4098d5880fc72c0f3,
        type: 3}
      propertyPath: m_LocalRotation.w
      value: 1
      objectReference: {fileID: 0}
    - target: {fileID: 7186397052036007447, guid: 7c7baabdbc078cb4098d5880fc72c0f3,
        type: 3}
      propertyPath: m_LocalRotation.x
      value: -0
      objectReference: {fileID: 0}
    - target: {fileID: 7186397052036007447, guid: 7c7baabdbc078cb4098d5880fc72c0f3,
        type: 3}
      propertyPath: m_LocalRotation.y
      value: -0
      objectReference: {fileID: 0}
    - target: {fileID: 7186397052036007447, guid: 7c7baabdbc078cb4098d5880fc72c0f3,
        type: 3}
      propertyPath: m_LocalRotation.z
      value: -0
      objectReference: {fileID: 0}
    - target: {fileID: 7186397052036007447, guid: 7c7baabdbc078cb4098d5880fc72c0f3,
        type: 3}
      propertyPath: m_LocalEulerAnglesHint.x
      value: 0
      objectReference: {fileID: 0}
    - target: {fileID: 7186397052036007447, guid: 7c7baabdbc078cb4098d5880fc72c0f3,
        type: 3}
      propertyPath: m_LocalEulerAnglesHint.y
      value: 0
      objectReference: {fileID: 0}
    - target: {fileID: 7186397052036007447, guid: 7c7baabdbc078cb4098d5880fc72c0f3,
        type: 3}
      propertyPath: m_LocalEulerAnglesHint.z
      value: 0
      objectReference: {fileID: 0}
    m_RemovedComponents: []
  m_SourcePrefab: {fileID: 100100000, guid: 7c7baabdbc078cb4098d5880fc72c0f3, type: 3}
--- !u!4 &4670018623614579971 stripped
Transform:
  m_CorrespondingSourceObject: {fileID: 7186397052036007447, guid: 7c7baabdbc078cb4098d5880fc72c0f3,
    type: 3}
  m_PrefabInstance: {fileID: 2554679228847371028}
  m_PrefabAsset: {fileID: 0}
--- !u!1001 &6355725783601202577
PrefabInstance:
  m_ObjectHideFlags: 0
  serializedVersion: 2
  m_Modification:
    m_TransformParent: {fileID: 579737374984998993}
    m_Modifications:
    - target: {fileID: 16038835297913163, guid: 7c7baabdbc078cb4098d5880fc72c0f3,
        type: 3}
      propertyPath: m_Name
      value: Pillar
      objectReference: {fileID: 0}
    - target: {fileID: 7186397052036007447, guid: 7c7baabdbc078cb4098d5880fc72c0f3,
        type: 3}
      propertyPath: m_RootOrder
      value: 1
      objectReference: {fileID: 0}
    - target: {fileID: 7186397052036007447, guid: 7c7baabdbc078cb4098d5880fc72c0f3,
        type: 3}
      propertyPath: m_LocalPosition.x
      value: -3
      objectReference: {fileID: 0}
    - target: {fileID: 7186397052036007447, guid: 7c7baabdbc078cb4098d5880fc72c0f3,
        type: 3}
      propertyPath: m_LocalPosition.y
      value: 0
      objectReference: {fileID: 0}
    - target: {fileID: 7186397052036007447, guid: 7c7baabdbc078cb4098d5880fc72c0f3,
        type: 3}
      propertyPath: m_LocalPosition.z
      value: 0
      objectReference: {fileID: 0}
    - target: {fileID: 7186397052036007447, guid: 7c7baabdbc078cb4098d5880fc72c0f3,
        type: 3}
      propertyPath: m_LocalRotation.w
      value: 1
      objectReference: {fileID: 0}
    - target: {fileID: 7186397052036007447, guid: 7c7baabdbc078cb4098d5880fc72c0f3,
        type: 3}
      propertyPath: m_LocalRotation.x
      value: -0
      objectReference: {fileID: 0}
    - target: {fileID: 7186397052036007447, guid: 7c7baabdbc078cb4098d5880fc72c0f3,
        type: 3}
      propertyPath: m_LocalRotation.y
      value: -0
      objectReference: {fileID: 0}
    - target: {fileID: 7186397052036007447, guid: 7c7baabdbc078cb4098d5880fc72c0f3,
        type: 3}
      propertyPath: m_LocalRotation.z
      value: -0
      objectReference: {fileID: 0}
    - target: {fileID: 7186397052036007447, guid: 7c7baabdbc078cb4098d5880fc72c0f3,
        type: 3}
      propertyPath: m_LocalEulerAnglesHint.x
      value: 0
      objectReference: {fileID: 0}
    - target: {fileID: 7186397052036007447, guid: 7c7baabdbc078cb4098d5880fc72c0f3,
        type: 3}
      propertyPath: m_LocalEulerAnglesHint.y
      value: 0
      objectReference: {fileID: 0}
    - target: {fileID: 7186397052036007447, guid: 7c7baabdbc078cb4098d5880fc72c0f3,
        type: 3}
      propertyPath: m_LocalEulerAnglesHint.z
      value: 0
      objectReference: {fileID: 0}
    m_RemovedComponents: []
  m_SourcePrefab: {fileID: 100100000, guid: 7c7baabdbc078cb4098d5880fc72c0f3, type: 3}
--- !u!4 &4291689541121737606 stripped
Transform:
  m_CorrespondingSourceObject: {fileID: 7186397052036007447, guid: 7c7baabdbc078cb4098d5880fc72c0f3,
    type: 3}
  m_PrefabInstance: {fileID: 6355725783601202577}
  m_PrefabAsset: {fileID: 0}
--- !u!1001 &7003658391858271305
PrefabInstance:
  m_ObjectHideFlags: 0
  serializedVersion: 2
  m_Modification:
    m_TransformParent: {fileID: 579737374984998993}
    m_Modifications:
    - target: {fileID: 4733772755456769034, guid: 3ad7a1cffb2556547a8b7e60fd320431,
        type: 3}
      propertyPath: m_RootOrder
      value: 3
      objectReference: {fileID: 0}
    - target: {fileID: 4733772755456769034, guid: 3ad7a1cffb2556547a8b7e60fd320431,
        type: 3}
      propertyPath: m_LocalPosition.x
      value: 2
      objectReference: {fileID: 0}
    - target: {fileID: 4733772755456769034, guid: 3ad7a1cffb2556547a8b7e60fd320431,
        type: 3}
      propertyPath: m_LocalPosition.y
      value: 0
      objectReference: {fileID: 0}
    - target: {fileID: 4733772755456769034, guid: 3ad7a1cffb2556547a8b7e60fd320431,
        type: 3}
      propertyPath: m_LocalPosition.z
      value: 0
      objectReference: {fileID: 0}
    - target: {fileID: 4733772755456769034, guid: 3ad7a1cffb2556547a8b7e60fd320431,
        type: 3}
      propertyPath: m_LocalRotation.w
      value: 1
      objectReference: {fileID: 0}
    - target: {fileID: 4733772755456769034, guid: 3ad7a1cffb2556547a8b7e60fd320431,
        type: 3}
      propertyPath: m_LocalRotation.x
      value: -0
      objectReference: {fileID: 0}
    - target: {fileID: 4733772755456769034, guid: 3ad7a1cffb2556547a8b7e60fd320431,
        type: 3}
      propertyPath: m_LocalRotation.y
      value: -0
      objectReference: {fileID: 0}
    - target: {fileID: 4733772755456769034, guid: 3ad7a1cffb2556547a8b7e60fd320431,
        type: 3}
      propertyPath: m_LocalRotation.z
      value: -0
      objectReference: {fileID: 0}
    - target: {fileID: 4733772755456769034, guid: 3ad7a1cffb2556547a8b7e60fd320431,
        type: 3}
      propertyPath: m_LocalEulerAnglesHint.x
      value: 0
      objectReference: {fileID: 0}
    - target: {fileID: 4733772755456769034, guid: 3ad7a1cffb2556547a8b7e60fd320431,
        type: 3}
      propertyPath: m_LocalEulerAnglesHint.y
      value: 0
      objectReference: {fileID: 0}
    - target: {fileID: 4733772755456769034, guid: 3ad7a1cffb2556547a8b7e60fd320431,
        type: 3}
      propertyPath: m_LocalEulerAnglesHint.z
      value: 0
      objectReference: {fileID: 0}
    - target: {fileID: 6229247520373792897, guid: 3ad7a1cffb2556547a8b7e60fd320431,
        type: 3}
      propertyPath: m_Name
      value: Wall (1)
      objectReference: {fileID: 0}
    m_RemovedComponents: []
  m_SourcePrefab: {fileID: 100100000, guid: 3ad7a1cffb2556547a8b7e60fd320431, type: 3}
--- !u!4 &2341945537374808131 stripped
Transform:
  m_CorrespondingSourceObject: {fileID: 4733772755456769034, guid: 3ad7a1cffb2556547a8b7e60fd320431,
    type: 3}
  m_PrefabInstance: {fileID: 7003658391858271305}
  m_PrefabAsset: {fileID: 0}
